@article{altschuler2023near,
  title={Near-linear convergence of the Random Osborne algorithm for Matrix Balancing},
  author={Altschuler, Jason M and Parrilo, Pablo A},
  journal={Mathematical Programming},
  volume={198},
  number={1},
  pages={363--397},
  year={2023},
  publisher={Springer}
}

@article{parlett1971balancing,
  title={Balancing a matrix for calculation of eigenvalues and eigenvectors},
  author={Parlett, Beresford N and Reinsch, Christian},
  journal={Handbook for Automatic Computation},
  volume={2},
  pages={315--326},
  year={1971}
}

@inproceedings{sugiyama2017tensor,
  title={Tensor balancing on statistical manifold},
  author={Sugiyama, Mahito and Nakahara, Hiroyuki and Tsuda, Koji},
  booktitle={International Conference on Machine Learning},
  pages={3270--3279},
  year={2017},
  organization={PMLR}
}

@article{sinkhorn1967concerning,
  title={Concerning nonnegative matrices and doubly stochastic matrices},
  author={Sinkhorn, Richard and Knopp, Paul},
  journal={Pacific Journal of Mathematics},
  volume={21},
  number={2},
  pages={343--348},
  year={1967},
  publisher={Mathematical Sciences Publishers}
}

@article{lamond1981bregman,
  title={Bregman's balancing method},
  author={Lamond, B and Stewart, Neil F},
  journal={Transportation Research Part B: Methodological},
  volume={15},
  number={4},
  pages={239--248},
  year={1981},
  publisher={Elsevier}
}

@article{soules1991rate,
  title={The rate of convergence of Sinkhorn balancing},
  author={Soules, George W},
  journal={Linear algebra and its applications},
  volume={150},
  pages={3--40},
  year={1991},
  publisher={Elsevier}
}

@article{watkins2006case,
  title={A case where balancing is harmful},
  author={Watkins, David S},
  journal={Electron. Trans. Numer. Anal},
  volume={23},
  pages={1--4},
  year={2006}
}

@article{james2014matrix,
  title={On matrix balancing and eigenvector computation},
  author={James, Rodney and Langou, Julien and Lowery, Bradley R},
  journal={arXiv preprint arXiv:1401.5766},
  year={2014}
}

@article{parlett1971balancing,
  title={Balancing a matrix for calculation of eigenvalues and eigenvectors},
  author={Parlett, Beresford N and Reinsch, Christian},
  journal={Handbook for Automatic Computation},
  volume={2},
  pages={315--326},
  year={1971}
}

@article{chen2000balancing,
  title={Balancing sparse matrices for computing eigenvalues},
  author={Chen, Tzu-Yi and Demmel, James W},
  journal={Linear algebra and its applications},
  volume={309},
  number={1-3},
  pages={261--287},
  year={2000},
  publisher={Elsevier}
}

@book{chen2001preconditioning,
  title={Preconditioning sparse matrices for computing eigenvalues and solving linear systems of equations},
  author={Chen, Tzu-Yi},
  year={2001},
  publisher={University of California, Berkeley}
}

@article{osborne1960pre,
  title={On pre-conditioning of matrices},
  author={Osborne, EE},
  journal={Journal of the ACM (JACM)},
  volume={7},
  number={4},
  pages={338--345},
  year={1960},
  publisher={ACM New York, NY, USA}
}